
% 2 vysledne prace 
@BachelorThesis{Luptak:Bibtex,
author = "Lupták, David",
title = "Sazba bibliografie dle normy ISO 690",
school = "Fakulta informatiky Masarykovy univerzity",
year = "2016",
address = "Botanická 68A, 602 00 Brno-Královo Pole"
}
%https://is.muni.cz/th/422640/fi_b/thesis.pdf

% druha prace
% https://www.vutbr.cz/studium/zaverecne-prace?action=detail&zp_id=25652&fid=&rok=&typ=&jazyk=&text=latex&hl_klic_slova=1&hl_abstrakt=0&hl_nazev=1&hl_autor=0&str=1

@BachelorThesis{Pysny:Bibtex,
author = "Pyšný, Radek",
title = "BiBTeX styl pro ČSN ISO 690 a ČSN ISO 690-2",
school = "VUT FIT v~Brně",
address = "Brno",
year = "2009",
}

% 3 internetove odkazy
@Misc{Hordejcuk:Latex,
author = "Hodějčuk, Vojta ",
title = "Základy jazyka {\LaTeX}",
url = "http://voho.eu/wiki/latex/",
howpublished = "online",
year = "Poslední změna: leden, 2017"
}

% Martinek
%http://www.fit.vutbr.cz/~martinek/latex/
@Misc{Martinek:Latex,
author = "Martinek, David ",
title = "Jak používat BiBTeX",
url = "http://www.fit.vutbr.cz/~martinek/latex/bibtex.html",
howpublished = "online",
year = "Poslední změna: 24.2.2008"
}

@Misc{FEKT:Latex,
author = "Sysel, Petr",
title = "Podpora systému {\LaTeX} u na FEKT VUT v Brně",
url = "http://latex.feec.vutbr.cz/",
howpublished = "online",
year = "Poslední změna: duben, 2017"

}


% 2 monografie - jedna cizojazycka
@book{Rybicka:Latex_pro_zacatecniky,
author = "Rybička, Jiří",
title = "{\LaTeX} pro začátečníky",
year = "2013",
pages = "9",
edition = "3",
publisher = "KONVOJ, spol. s. r. o.",
address = "Berkova 22, 612 00 Brno",
isbn = "80--7302--049--1",
address = "Brno",
}
@book{Helmut:GuiToLatex,
author = "Kopka, Helmut and Daly, Patrick W.",
title = "A Guide to LATEX",
year = "2003",
edition = "4",
publisher = "Addison--Wesley",
isbn = "0--321--17385--6",
address = "Boston",
}

%https://www.tug.org/TUGboat/tb20-3/tb64sojka.pdf
@inproceedings{Sojka:Hyphenation,
author = "Sojka, Petr",
title = "Hyphenation on Demand",
booktitle = "TeX Online: Untangling the Web and TeX. Proceedings of 20th Annual Meeting of the TeX Users Group",
pages = "247",
publisher = "TeX Users Group",
address = "Canada",
year = "1999"
}m

% 2 články v seriálové publikaci (zahraniční tištěné články),

%http://bulletin.cstug.cz/pdf/2015-1-2.pdf
@Article{gstug:spousteni,
author = "Šustek, Jan",
title = "Načítání souboru s argumenty v TeXu",
journal = "Zpravodaj Československého sdružení uživatelů TeXu",
year = "2015",
pages = "86-94",
isbn = "1213--8185",
}

@Article{gstug:matknihovna,
author = "Kutal, Ondřej",
title = "Tvorba matematické grafiky pomocí programu Asymptote",
journal = "Zpravodaj Československého sdružení uživatelů TeXu",
year = "2015",
pages = "2-69",
isbn = "1213--8185",
}





